@book{vernon2013implementing,
  title={Implementing Domain-Driven Design},
  author={Vernon, V.},
  isbn={9780133039887},
  url={http://books.google.ca/books?id=X7DpD5g3VP8C},
  year={2013},
  publisher={Pearson Education}
}

@book{evans2004domain,
  title={Domain-driven Design: Tackling Complexity in the Heart of Software},
  author={Evans, E.},
  isbn={9780321125217},
  lccn={2003050331},
  url={http://books.google.ca/books?id=7dlaMs0SECsC},
  year={2004},
  publisher={Addison Wesley Professional}
}

@ONLINE{AxonOnline,
  author = {Axon},
  title = {AxonFramework: CQRS Framework for Java},
  month = apr,
  year = {2013},
  url = {http://www.axonframework.org/}
}

@ONLINE{bootstrap,
  author = {Mark Otto and Jacob Thornton},
  title = {Twitter Bootstrap},
  month = apr,
  year = {2013},
  url = {https://github.com/twitter/bootstrap}
}
